<record><leader>00000cas a2200000 a 4500</leader><controlfield tag="001">24064347</controlfield><controlfield tag="008">910713d19001911iluwr ne      0   a0eng c</controlfield><datafield ind1=" " ind2=" " tag="010"><subfield code="a">sn 91055388 </subfield></datafield><datafield ind1=" " ind2=" " tag="040"><subfield code="a">NVF</subfield><subfield code="b">eng</subfield><subfield code="c">NVF</subfield><subfield code="d">DLC</subfield><subfield code="d">NVF</subfield><subfield code="d">OCLCQ</subfield><subfield code="d">CVF</subfield><subfield code="d">OCLCQ</subfield><subfield code="d">OCLCO</subfield><subfield code="d">OCLCF</subfield><subfield code="d">NVF</subfield><subfield code="d">OCLCO</subfield><subfield code="d">NVF</subfield><subfield code="d">OCLCO</subfield><subfield code="d">OCL</subfield></datafield><datafield ind1=" " ind2=" " tag="042"><subfield code="a">pcc</subfield></datafield><datafield ind1=" " ind2=" " tag="043"><subfield code="a">n-us-il</subfield></datafield><datafield ind1="0" ind2="0" tag="245"><subfield code="a">Ridge record.</subfield></datafield><datafield ind1=" " ind2=" " tag="260"><subfield code="a">Morgan Park, Ill. :</subfield><subfield code="b">Morgan Park Print. Co.,</subfield><subfield code="c">1900-1911.</subfield></datafield><datafield ind1=" " ind2=" " tag="300"><subfield code="a">v.</subfield></datafield><datafield ind1=" " ind2=" " tag="310"><subfield code="a">Weekly</subfield></datafield><datafield ind1="0" ind2=" " tag="362"><subfield code="a">First year (July 28, 1900)-</subfield></datafield><datafield ind1="1" ind2=" " tag="362"><subfield code="a">Ceased in Feb. 1911.</subfield></datafield><datafield ind1=" " ind2=" " tag="500"><subfield code="a">Morgan Park, Ill. was not annexed to Chicago until 1914.</subfield></datafield><datafield ind1=" " ind2=" " tag="588"><subfield code="a">Latest issue consulted: Vol. 15, no. 45 (Nov. 12, 1910).</subfield></datafield><datafield ind1=" " ind2="0" tag="651"><subfield code="a">Morgan Park (Ill.)</subfield></datafield><datafield ind1=" " ind2="7" tag="651"><subfield code="a">Illinois</subfield><subfield code="z">Morgan Park.</subfield><subfield code="2">fast</subfield><subfield code="0">(OCoLC)fst01234207</subfield></datafield><datafield ind1=" " ind2=" " tag="752"><subfield code="a">United States</subfield><subfield code="b">Illinois</subfield><subfield code="c">Cook County</subfield><subfield code="d">Morgan Park.</subfield></datafield><datafield ind1=" " ind2=" " tag="752"><subfield code="a">United States</subfield><subfield code="b">Illinois</subfield><subfield code="c">Cook County</subfield><subfield code="d">Chicago</subfield><subfield code="f">Morgan Park.</subfield></datafield><datafield ind1="0" ind2="4" tag="785"><subfield code="t">Post (Chicago, Ill. : 1905)</subfield><subfield code="w">(DLC)sn 93055968</subfield><subfield code="w">(OCoLC)28638431</subfield></datafield><datafield ind1="1" ind2=" " tag="029"><subfield code="a">AU@</subfield><subfield code="b">000025877601</subfield></datafield></record>